@string(ICCV="Proc. Int. Conf. on Comp. Vis.")
@string(IJCV="Int. J. Comp. Vis.")
%@string(PAMI="IEEE Trans. Pat. Ana. \& Mach. Int.")
@string(PAMI="IEEE TPAMI")
%@string(TVCG="IEEE Trans. Vis. \& Comp. Graphics")
@string(TVCG="IEEE TVCG")
%@string(TIP="IEEE Trans. Image Process.")
@string(TIP="TIP")
@string(CVPR="Proc. IEEE Conf. on Comp. Vis. and Pat. Rec.")
@string(SMI="Proc. IEEE Int. Conf. on Shape Modeling and Applications")
@string(CRV="Proc. Canadian Conf. on Computer and Robot Vision")
@string(ICASSP="Proc. Int. Conf. on Acoustics, Speech and Signal Processing")
@string(ICPR="Proc. Int. Conf. on Pat. Rec.")
@string(SGP="Symp. on Geom. Proc.")
@string(FGR="Proc. IEEE Conf. Automatic Face and Gesture Recognition")
@string(ECCV="Proc. Euro. Conf. on Comp. Vis.")
@string(SIGGRAPH="Proc. of SIGGRAPH")
%@string(TOG="ACM Trans. on Graph")
@string(TOG="TOG")
@string(CGF="CGF")
%@string(CGF="Computer Graphics Forum")
%@string(CGF_EG="Computer Graphics Forum (Special Issue of Eurographics)")
%@string(CGF_SGP="Computer Graphics Forum (Special Issue of SGP)")
@string(TVC="Visual Computer")
@string(CG="Computers \& Graphics")
%@string(SPM="Proc. of ACM Symposium on Solid and Physical Modeling")
%{Proceedings of ACM symposium on Solid modeling and applications}
@string(SPM="ACM SPM")
@string(VIS="IEEE VIS")%{Proceedings of the conference on Visualization}
@string(VLSM="IEEE VLSM")%{Proceedings of the IEEE Workshop on Variational and Level Set Methods}

%%%
%%%
%%%
@inproceedings{DBLP:conf/cvpr/ZhuangGLMZY12,
  author    = {Liansheng Zhuang and
               Haoyuan Gao and
               Zhouchen Lin and
               Yi Ma and
               Xin Zhang and
               Nenghai Yu},
  title     = {Non-negative low rank and sparse graph for semi-supervised
               learning},
  booktitle = {CVPR},
  year      = {2012},
  pages     = {2328-2335},
  ee        = {http://doi.ieeecomputersociety.org/10.1109/CVPR.2012.6247944},
  crossref  = {DBLP:conf/cvpr/2012},
  bibsource = {DBLP, http://dblp.uni-trier.de}
}
@inproceedings{Klasing09,
  author    = {Klaas Klasing and
                Daniel Althoff and
                Dirk Wollherr and
                Martin Buss},
  title     = {Comparison of surface normal estimation methods for range sensing applications},
  booktitle = {Proc. IEEE Conf. on Robotics and Automation},
  year      = {2009},
  pages     = {3206-3211},
}
@inproceedings{DBLP:conf/cvpr/NasihatkonH11,
  author    = {Behrooz Nasihatkon and
               Richard Hartley},
  title     = {Graph connectivity in sparse subspace clustering},
  booktitle = {CVPR},
  year      = {2011},
  pages     = {2137-2144},
  ee        = {http://dx.doi.org/10.1109/CVPR.2011.5995679},
  crossref  = {DBLP:conf/cvpr/2011},
  bibsource = {DBLP, http://dblp.uni-trier.de}
}

@inproceedings{DBLP:conf/cvpr/ElhamifarV09,
  author    = {Ehsan Elhamifar and
               Ren{\'e} Vidal},
  title     = {Sparse subspace clustering},
  booktitle = {CVPR},
  year      = {2009},
  pages     = {2790-2797},
  ee        = {http://doi.ieeecomputersociety.org/10.1109/CVPRW.2009.5206547},
  crossref  = {DBLP:conf/cvpr/2009},
  bibsource = {DBLP, http://dblp.uni-trier.de}
}

@article{DBLP:journals/corr/abs-1010-2955,
  author    = {Guangcan Liu and
               Zhouchen Lin and
               Shuicheng Yan and
               Ju Sun and
               Yong Yu and
               Yi Ma},
  title     = {Robust Recovery of Subspace Structures by Low-Rank Representation},
  journal   = {CoRR},
  volume    = {abs/1010.2955},
  year      = {2010},
  ee        = {http://arxiv.org/abs/1010.2955},
  bibsource = {DBLP, http://dblp.uni-trier.de}
}

@inproceedings{LiuLY10,
  author    = {Guangcan Liu and
               Zhouchen Lin and
               Yong Yu},
  title     = {Robust Subspace Segmentation by Low-Rank Representation},
  booktitle = {ICML},
  year      = {2010},
  pages     = {663-670},
  ee        = {http://www.icml2010.org/papers/521.pdf},
  crossref  = {DBLP:conf/icml/2010},
  bibsource = {DBLP, http://dblp.uni-trier.de}
}

@inproceedings{DBLP:conf/siggraph/HoppeDDMS92,
  author    = {Hugues Hoppe and
               Tony DeRose and
               Tom Duchamp and
               John Alan McDonald and
               Werner Stuetzle},
  title     = {Surface reconstruction from unorganized points},
  booktitle = {SIGGRAPH},
  year      = {1992},
  pages     = {71-78},
  ee        = {http://doi.acm.org/10.1145/133994.134011},
  crossref  = {DBLP:conf/siggraph/1992},
  bibsource = {DBLP, http://dblp.uni-trier.de}
}

@article{DBLP:journals/pami/ShiM00,
  author    = {Jianbo Shi and
               Jitendra Malik},
  title     = {Normalized Cuts and Image Segmentation},
  journal   = {IEEE Trans. Pattern Anal. Mach. Intell.},
  volume    = {22},
  number    = {8},
  year      = {2000},
  pages     = {888-905},
  ee        = {http://doi.ieeecomputersociety.org/10.1109/34.868688},
  bibsource = {DBLP, http://dblp.uni-trier.de}
}

@article{DBLP:journals/cg/LiSKCDJ10,
  author    = {Bao Li and
               Ruwen Schnabel and
               Reinhard Klein and
               Zhi-Quan Cheng and
               Gang Dang and
               Shiyao Jin},
  title     = {Robust normal estimation for point clouds with sharp features},
  journal   = {Computers {\&} Graphics},
  volume    = {34},
  number    = {2},
  year      = {2010},
  pages     = {94-106},
  ee        = {http://dx.doi.org/10.1016/j.cag.2010.01.004},
  bibsource = {DBLP, http://dblp.uni-trier.de}
}

@article{DBLP:journals/tvcg/FanYP10,
  author    = {Hanqi Fan and
               Yizhou Yu and
               Qunsheng Peng},
  title     = {Robust Feature-Preserving Mesh Denoising Based on Consistent
               Subneighborhoods},
  journal   = {IEEE Trans. Vis. Comput. Graph.},
  volume    = {16},
  number    = {2},
  year      = {2010},
  pages     = {312-324},
  ee        = {http://doi.ieeecomputersociety.org/10.1109/TVCG.2009.70},
  bibsource = {DBLP, http://dblp.uni-trier.de}
}

@article{DBLP:journals/cga/JonesDZ04,
  author    = {Thouis R. Jones and
               Fr{\'e}do Durand and
               Matthias Zwicker},
  title     = {Normal Improvement for Point Rendering},
  journal   = {IEEE Computer Graphics and Applications},
  volume    = {24},
  number    = {4},
  year      = {2004},
  pages     = {53-56},
  ee        = {http://doi.ieeecomputersociety.org/10.1109/MCG.2004.14},
  bibsource = {DBLP, http://dblp.uni-trier.de}
}

@article{DBLP:journals/cgf/OtireliGG09,
  author    = {A. Cengiz {\"O}ztireli and
               Ga{\"e}l Guennebaud and
               Markus H. Gross},
  title     = {Feature Preserving Point Set Surfaces based on Non-Linear
               Kernel Regression},
  journal   = {Comput. Graph. Forum},
  volume    = {28},
  number    = {2},
  year      = {2009},
  pages     = {493-501},
  ee        = {http://dx.doi.org/10.1111/j.1467-8659.2009.01388.x},
  bibsource = {DBLP, http://dblp.uni-trier.de}
}

@article{DBLP:journals/cgf/BoulchM12,
  author    = {Alexandre Boulch and
               Renaud Marlet},
  title     = {Fast and Robust Normal Estimation for Point Clouds with
               Sharp Features},
  journal   = {Comput. Graph. Forum},
  volume    = {31},
  number    = {5},
  year      = {2012},
  pages     = {1765-1774},
  ee        = {http://dx.doi.org/10.1111/j.1467-8659.2012.03181.x},
  bibsource = {DBLP, http://dblp.uni-trier.de}

@inproceedings{DBLP:conf/siggraph/RusinkiewiczL00,
  author    = {Szymon Rusinkiewicz and
               Marc Levoy},
  title     = {QSplat: a multiresolution point rendering system for large
               meshes},
  booktitle = {SIGGRAPH},
  year      = {2000},
  pages     = {343-352},
  ee        = {http://portal.acm.org/citation.cfm?id=344779.344940},
  bibsource = {DBLP, http://dblp.uni-trier.de}
}

@article{DBLP:journals/tog/PaulyMWPG08,
  author    = {Mark Pauly and
               Niloy J. Mitra and
               Johannes Wallner and
               Helmut Pottmann and
               Leonidas J. Guibas},
  title     = {Discovering structural regularity in 3D geometry},
  journal   = {ACM Trans. Graph.},
  volume    = {27},
  number    = {3},
  year      = {2008},
  ee        = {http://doi.acm.org/10.1145/1360612.1360642},
  bibsource = {DBLP, http://dblp.uni-trier.de}
}

@article{DBLP:journals/cagd/LangeP05,
  author    = {Carsten Lange and
               Konrad Polthier},
  title     = {Anisotropic smoothing of point sets$^{\mbox{, }}$},
  journal   = {Computer Aided Geometric Design},
  volume    = {22},
  number    = {7},
  year      = {2005},
  pages     = {680-692},
  ee        = {http://dx.doi.org/10.1016/j.cagd.2005.06.010},
  bibsource = {DBLP, http://dblp.uni-trier.de}
}

@article{GuennebaudG07,
  author    = {Ga{\"e}l Guennebaud and
               Markus H. Gross},
  title     = {Algebraic point set surfaces},
  journal   = {ACM Trans. Graph.},
  volume    = {26},
  number    = {3},
  year      = {2007},
  pages     = {23},
  ee        = {http://doi.acm.org/10.1145/1276377.1276406},
  bibsource = {DBLP, http://dblp.uni-trier.de}
}

@article{CazalsP05,
  author    = {Fr{\'e}d{\'e}ric Cazals and
               Marc Pouget},
  title     = {Estimating differential quantities using polynomial fitting
               of osculating jets},
  journal   = {Computer Aided Geometric Design},
  volume    = {22},
  year      = {2005},
  pages     = {121-146},
  ee        = {http://dx.doi.org/10.1016/j.cagd.2004.09.004},
  bibsource = {DBLP, http://dblp.uni-trier.de}
}

@article{MitraNG04,
  author    = {Niloy J. Mitra and
               An Nguyen and
               Leonidas J. Guibas},
  title     = {Estimating surface normals in noisy point cloud data},
  journal   = {Int. J. Comput. Geometry Appl.},
  volume    = {14},
  number    = {4-5},
  year      = {2004},
  pages     = {261-276},
  ee        = {http://dx.doi.org/10.1142/S0218195904001470},
  bibsource = {DBLP, http://dblp.uni-trier.de}
}

@article{PaulyKKG03,
  author    = {Mark Pauly and
               Richard Keiser and
               Leif Kobbelt and
               Markus H. Gross},
  title     = {Shape modeling with point-sampled geometry},
  journal   = {ACM Trans. Graph.},
  volume    = {22},
  number    = {3},
  year      = {2003},
  pages     = {641-650},
  ee        = {http://doi.acm.org/10.1145/882262.882319},
  bibsource = {DBLP, http://dblp.uni-trier.de}
}

@article{GuennebaudG07,
  author    = {Ga{\"e}l Guennebaud and
               Markus H. Gross},
  title     = {Algebraic point set surfaces},
  journal   = {ACM Trans. Graph.},
  volume    = {26},
  number    = {3},
  year      = {2007},
  pages     = {23},
  ee        = {http://doi.acm.org/10.1145/1276377.1276406},
  bibsource = {DBLP, http://dblp.uni-trier.de}
}

@inproceedings{CazalsP03,
  author    = {Fr{\'e}d{\'e}ric Cazals and
               Marc Pouget},
  title     = {Estimating Differential Quantities using Polynomial fitting
               of Osculating Jets},
  booktitle = {Symposium on Geometry Processing},
  year      = {2003},
  pages     = {177-187},
  ee        = {http://dl.acm.org/citation.cfm?id=882394},
  crossref  = {DBLP:conf/sgp/2003},
  bibsource = {DBLP, http://dblp.uni-trier.de}
}

@inproceedings{MitraN03,
  author    = {Niloy J. Mitra and
               An Nguyen},
  title     = {Estimating surface normals in noisy point cloud data},
  booktitle = {Symposium on Computational Geometry},
  year      = {2003},
  pages     = {322-328},
  ee        = {http://doi.acm.org/10.1145/777792.777840},
  crossref  = {DBLP:conf/compgeom/2003},
  bibsource = {DBLP, http://dblp.uni-trier.de}
}

@article{YoonLLIS07,
  author    = {Mincheol Yoon and
               Yunjin Lee and
               Seungyong Lee and
               Ioannis P. Ivrissimtzis and
               Hans-Peter Seidel},
  title     = {Surface and normal ensembles for surface reconstruction},
  journal   = {Computer-Aided Design},
  volume    = {39},
  number    = {5},
  year      = {2007},
  pages     = {408-420},
  ee        = {http://dx.doi.org/10.1016/j.cad.2007.02.008},
  bibsource = {DBLP, http://dblp.uni-trier.de}
}

@article{GuennebaudG07,
  author    = {Ga{\"e}l Guennebaud and
               Markus H. Gross},
  title     = {Algebraic point set surfaces},
  journal   = {ACM Trans. Graph.},
  volume    = {26},
  number    = {3},
  year      = {2007},
  pages     = {23},
  ee        = {http://doi.acm.org/10.1145/1276377.1276406},
  bibsource = {DBLP, http://dblp.uni-trier.de}
}

@inproceedings{AlexaBCFLS01,
  author    = {Marc Alexa and
               Johannes Behr and
               Daniel Cohen-Or and
               Shachar Fleishman and
               David Levin and
               Cl{\'a}udio T. Silva},
  title     = {Point Set Surfaces},
  booktitle = {IEEE Visualization},
  year      = {2001},
  ee        = {http://doi.ieeecomputersociety.org/10.1109/VISUAL.2001.964489},
  crossref  = {DBLP:conf/visualization/2001},
  bibsource = {DBLP, http://dblp.uni-trier.de}
}

@article{AmentaB99,
  author    = {Nina Amenta and
               Marshall W. Bern},
  title     = {Surface Reconstruction by Voronoi Filtering},
  journal   = {Discrete {\&} Computational Geometry},
  volume    = {22},
  number    = {4},
  year      = {1999},
  pages     = {481-504},
  ee        = {http://dx.doi.org/10.1007/PL00009475},
  bibsource = {DBLP, http://dblp.uni-trier.de}
}


@article{DeyG06,
  author    = {Tamal K. Dey and
               Samrat Goswami},
  title     = {Provable surface reconstruction from noisy samples},
  journal   = {Comput. Geom.},
  volume    = {35},
  number    = {1-2},
  year      = {2006},
  pages     = {124-141},
  ee        = {http://dx.doi.org/10.1016/j.comgeo.2005.10.006},
  bibsource = {DBLP, http://dblp.uni-trier.de}
}

@inproceedings{AlliezCTD07,
  author    = {Pierre Alliez and
               David Cohen-Steiner and
               Yiying Tong and
               Mathieu Desbrun},
  title     = {Voronoi-based variational reconstruction of unoriented point
               sets},
  booktitle = {Symposium on Geometry Processing},
  year      = {2007},
  pages     = {39-48},
  ee        = {http://doi.acm.org/10.1145/1281991.1281997},
  crossref  = {DBLP:conf/sgp/2007},
  bibsource = {DBLP, http://dblp.uni-trier.de}
}

@article{WangGYTZ12,
  author    = {Jun Wang and
               Dong-xiao Gu and
               Zeyun Yu and
               Changbai Tan and
               Laishui Zhou},
  title     = {A framework for 3D model reconstruction in reverse engineering},
  journal   = {Computers {\&} Industrial Engineering},
  volume    = {63},
  number    = {4},
  year      = {2012},
  pages     = {1189-1200},
  ee        = {http://dx.doi.org/10.1016/j.cie.2012.07.009},
  bibsource = {DBLP, http://dblp.uni-trier.de}
}

@article{CaoHLLS11,
  author    = {Junjie Cao and
               Ying He and
               Zhiyang Li and
               Xiuping Liu and
               Zhixun Su},
  title     = {Orienting raw point sets by global contraction and visibility
               voting},
  journal   = {Computers {\&} Graphics},
  volume    = {35},
  number    = {3},
  year      = {2011},
  pages     = {733-740},
  ee        = {http://dx.doi.org/10.1016/j.cag.2011.03.026},
  bibsource = {DBLP, http://dblp.uni-trier.de}
}
@article{PaulyKG03,
  author    = {Mark Pauly and
               Richard Keiser and
               Markus H. Gross},
  title     = {Multi-scale Feature Extraction on Point-sampled Surfaces},
  journal   = {Comput. Graph. Forum},
  volume    = {22},
  number    = {3},
  year      = {2003},
  pages     = {281-290},
  ee        = {http://dx.doi.org/10.1111/1467-8659.00675},
  bibsource = {DBLP, http://dblp.uni-trier.de}
}

@inproceedings{DanielsHOS07,
  author    = {Joel Daniels II and
               Linh K. Ha and
               Tilo Ochotta and
               Cl{\'a}udio T. Silva},
  title     = {Robust Smooth Feature Extraction from Point Clouds},
  booktitle = {Shape Modeling International},
  year      = {2007},
  pages     = {123-136},
  ee        = {http://doi.ieeecomputersociety.org/10.1109/SMI.2007.32},
  crossref  = {DBLP:conf/smi/2007},
  bibsource = {DBLP, http://dblp.uni-trier.de}
}

@inproceedings{WeberHH10,
  author    = {Christopher Weber and
               Stefanie Hahmann and
               Hans Hagen},
  title     = {Sharp Feature Detection in Point Clouds},
  booktitle = {Shape Modeling International},
  year      = {2010},
  pages     = {175-186},
  ee        = {http://doi.ieeecomputersociety.org/10.1109/SMI.2010.32},
  crossref  = {DBLP:conf/smi/2010},
  bibsource = {DBLP, http://dblp.uni-trier.de}
}

@article{ParkLL12,
  author    = {Min Ki Park and
               Seung Joo Lee and
               Kwan H. Lee},
  title     = {Multi-scale tensor voting for feature extraction from unstructured
               point clouds},
  journal   = {Graphical Models},
  volume    = {74},
  number    = {4},
  year      = {2012},
  pages     = {197-208},
  ee        = {http://dx.doi.org/10.1016/j.gmod.2012.04.008},
  bibsource = {DBLP, http://dblp.uni-trier.de}
}

@ARTICLE{ wang_vc12,
AUTHOR = "Jun Wang and Zhouwang Yang and Falai Chen",
TITLE = "A variational model for normal computation of point clouds",
JOURNAL = TVC,
PAGES = {163-174},
YEAR = {2012},
  }

  @ARTICLE{ seversky_smi11,
AUTHOR = "Lee M. Seversky and Matt S. Berger and Lijun Yin",
TITLE = "Harmonic point cloud orientation",
JOURNAL = CG,
PAGES = {492-499},
YEAR = {2011},
  }

  @article{wangjun_cgf13,
 author = {Wang, Jun and Yu, Zeyun and Zhu, Weidong and Cao, Junjie},
 title = {Feature-Preserving Surface Reconstruction from Unoriented,Noisy Point Data},
 journal = CGF,
 year = {2013},
}


@article{LiuWang-SMI10,
author = {Liu, Shengjun and Wang, Charlie C. L.},
title = {Orienting unorganized points for surface reconstruction},
journal = CG,
volume = {34},
number = {3},
year = {2010},
}

@article{Huang-TOG09,
 author = {Huang, Hui and Li, Dan and Zhang, Hao and Ascher, Uri and Cohen-Or, Daniel},
 title = {Consolidation of unorganized point clouds for surface reconstruction},
 journal = TOG,
 volume = {28},
 number = {5},
 year = {2009},
}

@inproceedings{LipmanCL07,
  author    = {Yaron Lipman and
               Daniel Cohen-Or and
               David Levin},
  title     = {Data-dependent MLS for faithful surface approximation},
  booktitle = {Symposium on Geometry Processing},
  year      = {2007},
  pages     = {59-67},
  ee        = {http://doi.acm.org/10.1145/1281991.1281999},
  crossref  = {DBLP:conf/sgp/2007},
  bibsource = {DBLP, http://dblp.uni-trier.de}
}

@article{YoonIL09,
  author    = {Mincheol Yoon and
               Ioannis P. Ivrissimtzis and
               Seungyong Lee},
  title     = {Variational Bayesian noise estimation of point sets},
  journal   = {Computers {\&} Graphics},
  volume    = {33},
  number    = {3},
  year      = {2009},
  pages     = {226-234},
  ee        = {http://dx.doi.org/10.1016/j.cag.2009.03.019},
  bibsource = {DBLP, http://dblp.uni-trier.de}
}

@inproceedings{LinLS11,
  author    = {Zhouchen Lin and
               Risheng Liu and
               Zhixun Su},
  title     = {Linearized Alternating Direction Method with Adaptive Penalty
               for Low-Rank Representation},
  booktitle = {NIPS},
  year      = {2011},
  pages     = {612-620},
  ee        = {http://books.nips.cc/papers/files/nips24/NIPS2011_0427.pdf},
  crossref  = {DBLP:conf/nips/2011},
  bibsource = {DBLP, http://dblp.uni-trier.de}
}

@article{CaiCS10,
  author    = {Jian-Feng Cai and
               Emmanuel J. Cand{\`e}s and
               Zuowei Shen},
  title     = {A Singular Value Thresholding Algorithm for Matrix Completion},
  journal   = {SIAM Journal on Optimization},
  volume    = {20},
  number    = {4},
  year      = {2010},
  pages     = {1956-1982},
  ee        = {http://dx.doi.org/10.1137/080738970},
  bibsource = {DBLP, http://dblp.uni-trier.de}
}


@article{convergence,
  author    = {Z. Lin
  M. Chen
  L. Wu
  Y. Ma},
  title     = {The augmented Lagrange multiplier method for exact recovery of corrupted low-rank matrices},
  journal   = {UIUC Technical Report },
  volume    = {UILU-ENG-09-2215},
  year      = {2009}
}

@inproceedings{LuMZZHY12,
  author    = {Can-Yi Lu and
               Hai Min and
               Zhong-Qiu Zhao and
               Lin Zhu and
               De-Shuang Huang and
               Shuicheng Yan},
  title     = {Robust and Efficient Subspace Segmentation via Least Squares
               Regression},
  booktitle = {ECCV (7)},
  year      = {2012},
  pages     = {347-360},
  ee        = {http://dx.doi.org/10.1007/978-3-642-33786-4_26},
  crossref  = {DBLP:conf/eccv/2012-7},
  bibsource = {DBLP, http://dblp.uni-trier.de}
}
